@UNPUBLISHED{newcnf_fol,
Author       = "Reger, Giles and Suda, Martin and Voronkov, Andrei",
Title        = "\newcnf{}: a new clausification algorithm for first-order logic",
Note         = "In preparation",
}

@Article{CASC, 
    Author       = "Sutcliffe, Geoff and Suttner, Christian",
    Year         = "2006",
    Title        = "{The State of CASC}",
    Journal      = "AI Communications",
    Volume       = "19",
    Number       = "1",
    Pages        = "35-48"
}


@inproceedings{iProver, 
  author    = {Korovin, Konstantin},
  title     = {{iProver --- An Instantiation-Based Theorem Prover for First-Order
               Logic (System Description)}},
  booktitle = {Proceedings of IJCAR},
  year      = {2008},
  pages     = {292-298},
}

@inproceedings{walther1983many,
  title={A many-sorted calculus based on resolution and paramodulation},
  author={Walther, Christoph},
  booktitle={{Proceedings of the Eighth international joint conference on Artificial intelligence-Volume 2}},
  pages={882--891},
  year={1983},
  organization={Morgan Kaufmann Publishers Inc.}
}

@book{gallier1985logic,
  title={{Logic for Computer Science: Foundations of Automatic Theorem Proving}},
  author={Gallier, Jean H.},
  year={1985},
  publisher={Harper \& Row Publishers, Inc.}
}

@inproceedings{hoder2011invariant,
   author              = {Kry\v{s}tof Hoder and 
                          Laura Kov\'{a}cs and 
                          Andrei Voronkov},
   title               = {{Invariant Generation in Vampire}},
   booktitle           = {Proceedings of TACAS},
   year                = {2011},
   pages               = {60--64},
   ee                  = {http://dx.doi.org/10.1007/978-3-642-19835-9_7}
}

@inproceedings{McMillan08,
  author    = {K. L.  McMillan},
  title     = {{Quantified Invariant Generation Using an Interpolating Saturation
               Prover}},
  booktitle = {Proceedings of TACAS}, 
  year      = {2008},
  pages     = {413--427}
}

@inproceedings{gulwani2009verification,
   author              = {Saurabh Srivastava and 
                          Sumit Gulwani},
   title               = {Program verification using templates over predicate abstraction},
   booktitle           = {PLDI},
   year                = {2009},
   pages               = {223--234},
   ee                  = {http://doi.acm.org/10.1145/1542476.1542501}
}

@inproceedings{logozzo2011segmentation,
   author              = {Patrick Cousot and 
                          Radhia Cousot and 
                          Francesco Logozzo},
   title               = {A parametric segmentation functor for fully automatic and scalable array content analysis},
   booktitle           = {POPL},
   year                = {2011},
   pages               = {105--118},
   ee                  = {http://doi.acm.org/10.1145/1926385.1926399}
}

@inproceedings{CVC4,
   author              = {Clark Barrett and 
                          Christopher L. Conway and 
                          Morgan Deters and 
                          Liana Hadarean and 
                          Dejan Jovanovic and 
                          Tim King and 
                          Andrew Reynolds and 
                          Cesare Tinelli},
   title               = {{CVC4}},
   booktitle           = {Proceedings of CAV},
   year                = {2011},
   pages               = {171-177},
 
}

@incollection{Ganzinger01, 
  author    = {Leo Bachmair and
               Harald Ganzinger},
  title     = {{Resolution Theorem Proving}},
  booktitle = {Handbook of Automated Reasoning},
  year      = {2001},
  pages     = {19-99},
  publisher = {Elsevier and MIT Press},
}

@article{Robinson65,
  author    = {John Alan Robinson},
  title     = {A Machine-Oriented Logic Based on the Resolution Principle},
  journal   = {J. {ACM}},
  volume    = {12},
  number    = {1},
  pages     = {23--41},
  year      = {1965},
  url       = {http://doi.acm.org/10.1145/321250.321253},
  doi       = {10.1145/321250.321253},
  timestamp = {Thu, 26 Jan 2012 17:31:32 +0100},
  biburl    = {http://dblp.uni-trier.de/rec/bib/journals/jacm/Robinson65},
  bibsource = {dblp computer science bibliography, http://dblp.org}
}

@Article{Robinson1969,
Title = {Paramodulation and theorem-proving in first-order theories with equality},
Author = {Robinson, George and Wos, Larry},
Journal = {Machine intelligence},
Year = {1969},
Pages = {135--150},
Volume = {4},
Owner = {Andreas},
Timestamp = {2014.08.11}
}

@article{WRCS67,
  author    = {Larry Wos and
               George A. Robinson and
               Daniel F. Carson and
               Leon Shalla},
  title     = {{The Concept of Demodulation in Theorem Proving}},
  journal   = {J. {ACM}},
  volume    = {14},
  number    = {4},
  pages     = {698--709},
  year      = {1967},
  url       = {http://doi.acm.org/10.1145/321420.321429},
  doi       = {10.1145/321420.321429},
  timestamp = {Thu, 20 Nov 2003 12:28:26 +0100},
  biburl    = {http://dblp.uni-trier.de/rec/bib/journals/jacm/WosRCS67},
  bibsource = {dblp computer science bibliography, http://dblp.org}
}

@book{Isabelle, 
  author    = {Tobias Nipkow and
               Lawrence C. Paulson and
               Markus Wenzel},
  title     = {{Isabelle/HOL --- {A} Proof Assistant for Higher-Order Logic}},
  year      = {2002},
}



@inproceedings{Spass,
   author              = {Christoph Weidenbach and 
                          Dilyana Dimova and 
                          Arnaud Fietzke and 
                          Rohit Kumar and 
                          Martin Suda and 
                          Patrick Wischnewski},
   title               = {SPASS Version 3.5.},
   booktitle           = {CADE},
   year                = {2009},
   pages               = {140-145},
   ee                  = {http://dx.doi.org/10.1007/978-3-642-02959-2_10},
}

@inproceedings{PSI14, 
  author    = {Ioan Dr\u{a}gan and
               Laura Kov{\'{a}}cs},
  title     = {{Lingva: Generating and Proving Program Properties Using Symbol Elimination}},
  booktitle = {Proceedings of PSI},
  pages     = {67--75},
  year      = {2014},
 }

@inproceedings{DBLP:conf/icms/UrbanHV10,
  author    = {Josef Urban and
               Kry\v{s}tof Hoder and
               Andrei Voronkov},
  title     = {{Evaluation of Automated Theorem Proving on the Mizar Mathematical
               Library}},
  booktitle = {ICMS}, 
  pages     = {155--166},
  year      = {2010},
 
}


@inproceedings{Mizar, 
  author    = {Andrzej Trybulec},
  title     = {Mizar},
  booktitle = {The Seventeen Provers of the World, Foreword by Dana S. Scott},
  pages     = {20--23},
  year      = {2006},
}

@inproceedings{Sledgehammer,
  author    = {Sascha B{\"{o}}hme and
               Tobias Nipkow},
  title     = {{Sledgehammer: Judgement Day}},
  booktitle = {Automated Reasoning, 5th International Joint Conference, {IJCAR} 2010, Proceedings},
  pages     = {107--121},
  year      = {2010},
  url       = {https://doi.org/10.1007/978-3-642-14203-1\_9},
  doi       = {10.1007/978-3-642-14203-1\_9},
  timestamp = {Sun, 21 May 2017 00:17:18 +0200},
  biburl    = {https://dblp.org/rec/bib/conf/cade/BohmeN10},
  bibsource = {dblp computer science bibliography, https://dblp.org}
}

@inproceedings{FOOL,
  author    = {Evgenii Kotelnikov and
               Laura Kov{\'{a}}cs and
               Andrei Voronkov},
  title     = {{A First Class Boolean Sort in First-Order Theorem Proving and {TPTP}}},
  booktitle = {Intelligent Computer Mathematics --- International Conference, {CICM}
               2015, Proceedings},
  pages     = {71--86},
  year      = {2015},
  url       = {https://doi.org/10.1007/978-3-319-20615-8\_5},
  doi       = {10.1007/978-3-319-20615-8\_5},
  timestamp = {Sun, 04 Jun 2017 10:10:26 +0200},
  biburl    = {https://dblp.org/rec/bib/conf/mkm/KotelnikovKV15},
  bibsource = {dblp computer science bibliography, https://dblp.org}
}

@InProceedings{tff0,
    Author       = "Sutcliffe, Geoff and Schulz, Stephan and Claessen, Koen and
                    Baumgartner, Peter",
    Year         = "2012",
    Title        = "{The TPTP Typed First-order Form with Arithmetic}",
    Editor       = "Bj{\o}rner, N. and Voronkov, A.",
    BookTitle    = "{Proceedings of the 18th International Conference on Logic
                    for Programming, Artificial Intelligence, and Reasoning}",
    Place        = "Merida, Venezuela",
    Series       = "Lecture Notes in Artificial Intelligence",
    Number       = "7180",
    Pages        = "406-419",
    Publisher    = "Springer-Verlag",
    Comment      = "TPTPCite"
}

@InProceedings{tff1,
    Author       = "Blanchette, Jasmin Christian and Paskevich, Andrei",
    Year         = "2013",
    Title        = "{TFF1: The TPTP Typed First-order Form with Rank-1 
                     Polymorphism}",
    Editor       = "Bonacina, M.P.",
    BookTitle    = "{Proceedings of the 24th International Conference on
                    Automated Deduction}",
    Place        = "Lake Placid, USA",
    Series       = "Lecture Notes in Artificial Intelligence",
    Number       = "7898",
    Pages        = "414-420",
    Publisher    = "Springer-Verlag",
    Comment      = "TPTPCite"
}

@Article{THF,
    Author       = "Sutcliffe, Geoff and Benzm{\"u}ller, Christoph",
    Year         = "2010",
    Title        = "{Automated Reasoning in Higher-Order Logic using the TPTP
                    THF Infrastructure}",
    Journal      = "Journal of Formalized Reasoning",
    Volume       = "3",
    Number       = "1",
    Pages        = "1-27",
    Comment      = "TPTPData,TPTPCite"
}

@InProceedings{KSR16,
    Author       = "Kaliszyk, Cezary and Sutcliffe, Geoff and Rabe, Fabian",
    Year         = "2016",
    Title        = "{TH1: The TPTP Typed Higher-Order Form with Rank-1 
                    Polymorphism}",
    Editor       = "Fontaine, P. and Schulz, S. and Urban, J.",
    BookTitle    = "{Proceedings of the 5th Workshop on the Practical Aspects 
                    of Automated Reasoning}",
    Place        = "Coimbra, Portugal",
    Pages        = "41-55",
    Series       = "CEUR Workshop Proceedings",
    Number       = "1635",
    Comment      = ""
}

@inproceedings{fase2009,
year={2009},
booktitle={Proceedings of FASE}, 
volume={5503},
series={LNCS}, 
title={{Finding Loop Invariants for Programs over Arrays Using a Theorem Prover}},
author={Kov{\'{a}}cs, Laura and Voronkov, Andrei},
pages={470-485},
language={English}
}

@inproceedings{SMTLIB2TPTP,
  author    = {Peter Baumgartner},
  title     = {{{SMTtoTPTP} --- A Converter for Theorem Proving Formats}},
  booktitle = {Proceedings of CADE},
  pages     = {285--294},
  year      = {2015}, 
  series={LNCS}, 
  volume={9195}
  }

@InProceedings{SMT-LIB,
    Author       = "Barrett, Clark and Stump, Aaron and Tinelli, Cesare",
    Year         = "2010",
    Title        = "{The SMT-LIB Standard: Version 2.0}",
    Editor       = "Gupta, A. and Kroening, D.",
    BookTitle    = "{Proceedings of the 8th International Workshop on
                    Satisfiability Modulo Theories}",
    Place        = "Edinburgh, United Kingdom",
    Pages        = "",
    Comment      = ""
}

@inproceedings{gulwani2009verification,
   author              = {Saurabh Srivastava and
                          Sumit Gulwani},
   title               = {Program verification using templates over predicate abstraction},
   booktitle           = {Proceedings of PLDI},
   year                = {2009},
   pages               = {223--234},
   ee                  = {http://doi.acm.org/10.1145/1542476.1542501}
}

@inproceedings{logozzo2011segmentation,
   author              = {Patrick Cousot and
                          Radhia Cousot and
                          Francesco Logozzo},
   title               = {A parametric segmentation functor for fully automatic and scalable array content analysis},
   booktitle           = {Proceedings of POPL},
   year                = {2011},
   pages               = {105--118},
   ee                  = {http://doi.acm.org/10.1145/1926385.1926399}
}

@inproceedings{Vampire13,
  author    = {Laura Kov{\'a}cs and
               Andrei Voronkov},
  title     = {{First-Order Theorem Proving and Vampire}},
  booktitle = {Proceedings of CAV},
  year      = {2013},
  pages     = {1-35},
 volume={8044},
series={LNCS}}

@inproceedings{E13,
  author    = {Stephan Schulz},
  title     = {{System Description: E 1.8}},
  booktitle = {Proceedings of LPAR},
  year      = {2013},
  pages     = {735-743},
  series    = {LNCS}, 
  volume    = {8312}
}

@inproceedings{ATVA14,
  author    = {Ashutosh Gupta and
               Laura Kov{\'{a}}cs and
               Bernhard Kragl and
               Andrei Voronkov},
  title     = {Extensional Crisis and Proving Identity},
  booktitle = {Automated Technology for Verification and Analysis --- 12th International
               Symposium, {ATVA} 2014, Sydney, NSW, Australia, November 3--7, 2014,
               Proceedings},
  pages     = {185--200},
  year      = {2014},
  url       = {https://doi.org/10.1007/978-3-319-11936-6_14},
  doi       = {10.1007/978-3-319-11936-6_14},
  timestamp = {Sun, 21 May 2017 00:22:26 +0200},
  biburl    = {https://dblp.org/rec/bib/conf/atva/GuptaKKV14},
  bibsource = {dblp computer science bibliography, https://dblp.org}
}

@article{TPTP,
  author    = {Sutcliffe, Geoff},
  title     = {{The TPTP Problem Library and Associated Infrastructure}},
  journal   = {Journal of Automated Reasoning},
  volume    = {43},
  number    = {4},
  year      = {2009},
  pages     = {337-362}
}

@inproceedings{hoder2012popl,
   author              = {Kry\v{s}tof Hoder and
                          Laura Kov\'{a}cs and
                          Andrei Voronkov},
   title               = {Playing in the Grey Area of Proofs},
   booktitle           = {Proceedings of POPL},
   year                = {2012},
   pages               = {259--272},
   ee                  = {http://doi.acm.org/10.1145/2103656.2103689}
}

@book{TheoryOfArrays,
  author    = {Aaron R. Bradley and
               Zohar Manna},
  title     = {The calculus of computation --- decision procedures with applications
               to verification},
  publisher = {Springer},
  year      = {2007},
  url       = {http://dx.doi.org/10.1007/978-3-540-74113-8},
  doi       = {10.1007/978-3-540-74113-8},
  timestamp = {Wed, 23 Mar 2011 08:32:36 +0100},
  biburl    = {http://dblp.uni-trier.de/rec/bib/books/daglib/0019162},
  bibsource = {dblp computer science bibliography, http://dblp.org}
}

@inproceedings{HillenbrandWeidenbach13,
  author    = {Thomas Hillenbrand and
               Christoph Weidenbach},
  title     = {{Superposition for Bounded Domains}},
  booktitle = {Automated Reasoning and Mathematics --- Essays in Memory of William
               W. McCune},
  pages     = {68--100},
  year      = {2013},
}

@TechReport{CASC25,
  author =   {Sutcliffe, Geoff},
  title =    {{Proceedings of the CADE-25 ATP System Competition CASC-25}},
  institution =  {University of Miami, US},
  year =   {2015},
  note = {\mbox{\texttt{http://www.cs.miami.edu/\textasciitilde tptp/CASC/25/Proceedings.pdf}}}
}

@InProceedings{Satallax,
    Author       = "Chad E. Brown",
    Year         = "2012",
    Title        = "{Satallax: An Automated Higher-Order Prover (System 
                    Description)}",
    BookTitle    = "{Proceedings of IJCAR}",
    Series       = "LNAI", 
    volume       = "7364",
    Pages        = "111-117",
}

@InProceedings{LeoII, 
    Author       = "Christoph Benzm{\"u}ller and Larry Paulson and Frank Theiss and
                    Arnaud Fietzke",
    Year         = "2008",
    Title        = "{LEO-II --- A Cooperative Automatic Theorem Prover for
                    Higher-Order Logic}",
    BookTitle    = "{Proceedings of IJCAR}",
    Series       = "LNAI",
    Volume       = "5195",
    Pages        = "162-170",
}

@inproceedings{Blanchette15, 
  author    = {Andrew Reynolds and
               Jasmin C. Blanchette},
  title     = {{A Decision Procedure for (Co)datatypes in {SMT} Solvers}},
  booktitle = {Proceedings of CADE}, 
  pages     = {197--213},
  year      = {2015},
  series = {LNCS}, volume={9195}}


@inproceedings{Z3, 
  author    = {Leonardo Mendon{\c{c}}a de Moura and
               Nikolaj Bj{\o}rner},
  title     = {{Z3:} An Efficient {SMT} Solver},
  booktitle = {Proceedings of TACAS},
  pages     = {337--340},
  year      = {2008},
  series    = {LNCS}, volume={4963}
 }

 @incollection{KB83,
  title={Simple word problems in universal algebras},
  author={Knuth, Donald and Bendix, Peter},
  booktitle={Automation of Reasoning},
  pages={342--376},
  year={1983},
  publisher={Springer}
}

@incollection{DBLP:books/el/RV01/DershowitzP01,
  author    = {Nachum Dershowitz and
               David A. Plaisted},
  title     = {Rewriting},
  booktitle = {Handbook of Automated Reasoning (in 2 volumes)},
  pages     = {535--610},
  year      = {2001},
  timestamp = {Wed, 29 Mar 2017 16:45:21 +0200},
  biburl    = {https://dblp.org/rec/bib/books/el/RV01/DershowitzP01},
  bibsource = {dblp computer science bibliography, https://dblp.org}
}

@inproceedings{BG90,
  author    = {Leo Bachmair and
               Harald Ganzinger},
  title     = {{On Restrictions of Ordered Paramodulation with Simplification}},
  booktitle = {Proceesing of the 10th International Conference on Automated Deduction, 1990},
  pages     = {427--441},
  year      = {1990},
  url       = {http://dx.doi.org/10.1007/3-540-52885-7_105},
  doi       = {10.1007/3-540-52885-7_105},
}

@article{BG94,
  author    = {Leo Bachmair and
               Harald Ganzinger},
  title     = {Rewrite-Based Equational Theorem Proving with Selection and Simplification},
  journal   = {Journal of Logic and Computation},
  volume    = {4},
  number    = {3},
  pages     = {217--247},
  year      = {1994},
  url       = {http://dx.doi.org/10.1093/logcom/4.3.217},
  doi       = {10.1093/logcom/4.3.217},
}

@article{davis1960computing,
  title={A computing procedure for quantification theory},
  author={Davis, Martin and Putnam, Hilary},
  journal={Journal of the ACM (JACM)},
  volume={7},
  number={3},
  pages={201--215},
  year={1960},
  publisher={ACM}
}

@article{davis1962machine,
  title={A machine program for theorem-proving},
  author={Davis, Martin and Logemann, George and Loveland, Donald},
  journal={Communications of the ACM},
  volume={5},
  number={7},
  pages={394--397},
  year={1962},
  publisher={ACM}
}

@inproceedings{Bonacina10,
  author    = {Maria Paola Bonacina},
  title     = {On theorem proving for program checking: historical perspective and
               recent developments},
  booktitle = {Proceedings of the 12th International {ACM} {SIGPLAN} Conference on
               Principles and Practice of Declarative Programming, 2010},
  pages     = {1--12},
  year      = {2010},
  url       = {http://doi.acm.org/10.1145/1836089.1836090},
  doi       = {10.1145/1836089.1836090},
}

@incollection{bundy1999survey,
  title={A Survey of Automated Deduction},
  author={Bundy, Alan},
  booktitle={Artificial intelligence today},
  pages={153--174},
  year={1999},
  publisher={Springer}
}

@article{davis2001early,
  title={The Early History of Automated Deduction},
  author={Davis, Martin},
  journal={Handbook of Automated Reasoning},
  volume={1},
  pages={3--15},
  year={2001}
}

@incollection{harrison2007short,
  title={A short survey of automated reasoning},
  author={Harrison, John},
  booktitle={Algebraic Biology},
  pages={334--349},
  year={2007},
  publisher={Springer}
}

@article{godel1931formal,
  title={{\"U}ber formal unentscheidbare {S{\"a}tze} der {Principia Mathematica} und verwandter {Systeme I}},
  author={G{\"o}del, Kurt},
  journal={Monatshefte f{\"u}r mathematik und physik},
  volume={38},
  number={1},
  pages={173--198},
  year={1931},
  publisher={Springer}
}

@book{davis1965undecidable,
  title={The undecidable: Basic papers on undecidable propositions, unsolvable problems and computable functions},
  author={Davis, Martin},
  year={1965},
  publisher={Raven Press, Hewlette, N.Y.}
}

@article{turing1936computable,
  title={On computable numbers, with an application to the {Entscheidungsproblem}},
  author={Turing, Alan M.},
  journal={J. of Math},
  volume={58},
  number={345-363},
  pages={5},
  year={1936}
}

@article{church1936unsolvable,
  title={An unsolvable problem of elementary number theory},
  author={Church, Alonzo},
  journal={American Journal of Mathematics},
  volume={58},
  number={2},
  pages={345--363},
  year={1936}
}

@article{baaz2001normal,
  title={Normal Form Transformations.},
  author={Baaz, Matthias and Egly, Uwe and Leitsch, Alexander},
  journal={Handbook of Automated Reasoning},
  volume={1},
  pages={273--333},
  year={2001}
}

@inproceedings{VampireAndFOOL,
  author    = {Evgenii Kotelnikov and
               Laura Kov{\'{a}}cs and
               Giles Reger and
               Andrei Voronkov},
  title     = {{The {Vampire} and the {FOOL}}},
  booktitle = {Proceedings of the 5th {ACM} {SIGPLAN} Conference on Certified Programs and Proofs, 2016},
  pages     = {37--48},
  year      = {2016},
  url       = {http://doi.acm.org/10.1145/2854065.2854071},
  doi       = {10.1145/2854065.2854071},
  timestamp = {Mon, 18 Jan 2016 19:37:27 +0100},
  biburl    = {http://dblp.uni-trier.de/rec/bib/conf/cpp/KotelnikovKRV16},
  bibsource = {dblp computer science bibliography, http://dblp.org}
}

@inproceedings{KKV18,
  author    = {Evgenii Kotelnikov and
               Laura Kov{\'{a}}cs and
               Andrei Voronkov},
  title     = {{A FOOLish Encoding of the Next State Relations of Imperative Programs}},
  booktitle = {Automated Reasoning --- 9th International Joint Conference, {IJCAR}
               2018, Proceedings},
  pages     = {405--421},
  year      = {2018},
  publisher = {Springer},
  series    = {Lecture Notes in Computer Science},
  url       = {https://doi.org/10.1007/978-3-319-94205-6\_27},
  doi       = {10.1007/978-3-319-94205-6\_27},
  timestamp = {Mon, 09 Jul 2018 13:01:56 +0200}
}

@InProceedings{BPR18,
    Author       = "Blanchette, Jasmin and Peltier, Nicolas and Robillard, Simon",
    Year         = "2018",
    Title        = "{Superposition with Datatypes and Codatatypes}",
    Editor       = "Galmiche, D. and Schulz, S. and Sebastiani, R.",
    BookTitle    = "{Proceedings of the 9th International Joint Conference on 
                    Automated Reasoning}",
    Place        = "Oxford, United Kingdom",
    Pages        = "To appear",
    Comment      = ""
}

@inproceedings{SutcliffeK18,
title = {{TFX: The TPTP Extended Typed First-order Form}},
author = {Geoff Sutcliffe and Evgenii Kotelnikov},
pages = {72--87},
url = {http://ceur-ws.org/Vol-2162/#paper-07},
crossref = {PAAR2018},
}

@proceedings{PAAR2018,
booktitle = {6th Workshop on Practical Aspects of Automated Reasoning (PAAR)},
title = {Proceedings of the 6th Workshop on Practical Aspects of Automated Reasoning (PAAR)},
year = 2018,
editor = {Boris Konev and Josef Urban and Philipp R{\"u}mmer},
number = 2162,
series = {CEUR Workshop Proceedings},
address = {Aachen},
issn = {1613-0073},
url = {http://ceur-ws.org/Vol-2162/},
venue = {Oxford, UK},
eventdate = {2018-07-19},
}

@article{nonnengart2001computing,
  title={Computing Small Clause Normal Forms},
  author={Nonnengart, Andreas and Weidenbach, Christoph},
  journal={Handbook of Automated Reasoning},
  volume={1},
  pages={335--367},
  year={2001}
}

@incollection{azmy2013computing,
  title={Computing tiny clause normal forms},
  author={Azmy, Noran and Weidenbach, Christoph},
  booktitle={Automated Deduction -- CADE-24},
  pages={109--125},
  year={2013},
  publisher={Springer}
}

@article{plaisted1986structure,
  author    = {David A. Plaisted and
               Steven Greenbaum},
  title     = {A Structure-Preserving Clause Form Translation},
  journal   = {J. Symb. Comput.},
  volume    = {2},
  number    = {3},
  pages     = {293--304},
  year      = {1986},
  url       = {http://dx.doi.org/10.1016/S0747-7171(86)80028-1},
  doi       = {10.1016/S0747-7171(86)80028-1},
  timestamp = {Tue, 20 Sep 2011 11:17:56 +0200},
  biburl    = {http://dblp.uni-trier.de/rec/bib/journals/jsc/PlaistedG86},
  bibsource = {dblp computer science bibliography, http://dblp.org}
}

@article{Minisat,
  title={Minisat v1.13 -- a {SAT} solver with conflict-clause minimization},
  author={Sorensson, Niklas and Een, Niklas},
  journal={SAT},
  volume={2005},
  pages={53},
  year={2005}
}

@article{Lingeling,
  title={Lingeling, plingeling, picosat and precosat at {SAT} race 2010},
  author={Biere, Armin},
  journal={FMV Report Series Technical Report},
  volume={10},
  number={1},
  year={2010}
}

@article{Coq,
  title={The {Coq} proof assistant reference manual: Version 6.1},
  author={Barras, Bruno and Boutin, Samuel and Cornes, Cristina and Courant, Judica{\"e}l and Filliatre, Jean-Christophe and Gimenez, Eduardo and Herbelin, Hugo and Huet, Gerard and Munoz, Cesar and Murthy, Chetan and others},
  year={1997}
}

@inproceedings{GanzingerK04,
  author    = {Harald Ganzinger and
               Konstantin Korovin},
  title     = {Integrating Equational Reasoning into Instantiation-Based Theorem
               Proving},
  booktitle = {Computer Science Logic, 18th International Workshop, {CSL} 2004, 13th
               Annual Conference of the EACSL, Karpacz, Poland, September 20-24,
               2004, Proceedings},
  pages     = {71--84},
  year      = {2004},
  url       = {http://dx.doi.org/10.1007/978-3-540-30124-0_9},
  doi       = {10.1007/978-3-540-30124-0_9},
  timestamp = {Thu, 04 Aug 2011 14:29:24 +0200},
  biburl    = {http://dblp.uni-trier.de/rec/bib/conf/csl/GanzingerK04},
  bibsource = {dblp computer science bibliography, http://dblp.org}
}

@inproceedings{starexec,
  author    = {Aaron Stump and
               Geoff Sutcliffe and
               Cesare Tinelli},
  title     = {{StarExec}: {A} Cross-Community Infrastructure for Logic Solving},
  booktitle = {Automated Reasoning -- 7th International Joint Conference, {IJCAR}
               2014, Proceedings},
  pages     = {367--373},
  year      = {2014},
  url       = {http://dx.doi.org/10.1007/978-3-319-08587-6_28},
  doi       = {10.1007/978-3-319-08587-6_28},
  timestamp = {Wed, 02 Jul 2014 14:12:27 +0200},
  biburl    = {http://dblp.uni-trier.de/rec/bib/conf/cade/StumpST14},
  bibsource = {dblp computer science bibliography, http://dblp.org}
}

@MISC{BarFT-SMTLIB,
  author =   {Clark Barrett and Pascal Fontaine and Cesare Tinelli},
  title =  {{The Satisfiability Modulo Theories Library (SMT-LIB)}},
  howpublished = {{\tt www.SMT-LIB.org}},
  year =   2016,
}

@inproceedings{DBLP:conf/cade/WisniewskiSKB16,
  author    = {Max Wisniewski and
               Alexander Steen and
               Kim Kern and
               Christoph Benzm{\"{u}}ller},
  title     = {Effective Normalization Techniques for {HOL}},
  booktitle = {Automated Reasoning --- 8th International Joint Conference, {IJCAR}
               2016, Proceedings},
  pages     = {362--370},
  year      = {2016},
  crossref  = {DBLP:conf/cade/2016},
  url       = {http://dx.doi.org/10.1007/978-3-319-40229-1_25},
  doi       = {10.1007/978-3-319-40229-1_25},
  timestamp = {Mon, 13 Jun 2016 18:03:24 +0200},
  biburl    = {http://dblp.uni-trier.de/rec/bib/conf/cade/WisniewskiSKB16},
  bibsource = {dblp computer science bibliography, http://dblp.org}
}

@Article{Sut17,
    Author       = "Sutcliffe, Geoff",
    Year         = "2017",
    Title        = "{The TPTP Problem Library and Associated Infrastructure.
                    From CNF to TH0, TPTP v6.4.0}",
    Journal      = "Journal of Automated Reasoning",
    Volume       = "59",
    Number       = "4",
    Pages        = "483-502",
    Comment      = "TPTPRef"
}

@article{DBLP:journals/jacm/NieuwenhuisOT06,
  author    = {Robert Nieuwenhuis and
               Albert Oliveras and
               Cesare Tinelli},
  title     = {{Solving {SAT} and {SAT} Modulo Theories: From an abstract Davis--Putnam--Logemann--Loveland
               procedure to DPLL(\emph{T})}},
  journal   = {J. {ACM}},
  volume    = {53},
  number    = {6},
  pages     = {937--977},
  year      = {2006},
  url       = {http://doi.acm.org/10.1145/1217856.1217859},
  doi       = {10.1145/1217856.1217859},
  timestamp = {Tue, 06 Mar 2007 14:22:11 +0100},
  biburl    = {http://dblp.uni-trier.de/rec/bib/journals/jacm/NieuwenhuisOT06},
  bibsource = {dblp computer science bibliography, http://dblp.org}
}

@inproceedings{tseitin_enc,
year={1983},
isbn={978-3-642-81957-5},
booktitle={Automation of Reasoning},
series={Symbolic Computation},
editor={Siekmann, J\"org H. and Wrightson, Graham},
title={On the Complexity of Derivation in Propositional Calculus},
publisher={Springer Berlin Heidelberg},
author={Tseitin, G.S.},
pages={466-483},
}

@article{DBLP:journals/corr/Reynolds0K15,
  author    = {Andrew Reynolds and
               Tim King and
               Viktor Kuncak},
  title     = {An Instantiation-Based Approach for Solving Quantified Linear Arithmetic},
  journal   = {CoRR},
  volume    = {abs/1510.02642},
  year      = {2015},
  url       = {http://arxiv.org/abs/1510.02642},
  timestamp = {Sun, 01 Nov 2015 17:30:45 +0100},
  biburl    = {http://dblp.uni-trier.de/rec/bib/journals/corr/Reynolds0K15},
  bibsource = {dblp computer science bibliography, http://dblp.org}
}

@inproceedings{LPAR-20:Playing_with_Quantified_Satisfaction,
  author    = {Nikolaj Bj{\o}rner and Mikolas Janota},
  title     = {Playing with Quantified Satisfaction},
  booktitle = {LPAR-20. 20th International Conferences on Logic for Programming, Artificial Intelligence and Reasoning --- Short Presentations},
  editor    = {Ansgar Fehnker and Annabelle McIver and Geoff Sutcliffe and Andrei Voronkov},
  series    = {EPiC Series in Computing},
  volume    = {35},
  pages     = {15-27},
  year      = {2015},
  publisher = {EasyChair},
  bibsource = {EasyChair, http://www.easychair.org},
  issn      = {2040-557X}}

@inproceedings{DBLP:conf/cade/SeidlLB12,
  author    = {Martina Seidl and
               Florian Lonsing and
               Armin Biere},
  title     = {qbf2epr: {A} Tool for Generating {EPR} Formulas from {QBF}},
  booktitle = {Third Workshop on Practical Aspects of Automated Reasoning, PAAR-2012, 2012},
  pages     = {139--148},
  year      = {2012},
  crossref  = {DBLP:conf/cade/2012paar},
  url       = {http://www.easychair.org/publications/?page=1090373750},
  timestamp = {Thu, 16 Jun 2016 17:11:03 +0200},
  biburl    = {http://dblp.uni-trier.de/rec/bib/conf/cade/SeidlLB12},
  bibsource = {dblp computer science bibliography, http://dblp.org}
}

@inproceedings{DBLP:conf/birthday/Korovin13,
  author    = {Konstantin Korovin},
  title     = {Inst-Gen --- {A} Modular Approach to Instantiation-Based Automated Reasoning},
  booktitle = {Programming Logics --- Essays in Memory of Harald Ganzinger},
  pages     = {239--270},
  year      = {2013},
  crossref  = {DBLP:conf/birthday/2013ganzinger},
  url       = {http://dx.doi.org/10.1007/978-3-642-37651-1_10},
  doi       = {10.1007/978-3-642-37651-1_10},
  timestamp = {Tue, 25 Jun 2013 21:37:34 +0200},
  biburl    = {http://dblp.uni-trier.de/rec/bib/conf/birthday/Korovin13},
  bibsource = {dblp computer science bibliography, http://dblp.org}
}

@proceedings{DBLP:conf/cade/2012paar,
  editor    = {Pascal Fontaine and
               Renate A. Schmidt and
               Stephan Schulz},
  title     = {Third Workshop on Practical Aspects of Automated Reasoning, PAAR-2012, 2012},
  series    = {EPiC Series in Computing},
  volume    = {21},
  publisher = {EasyChair},
  year      = {2013},
  url       = {http://www.easychair.org/publications/?page=1924317986},
  timestamp = {Thu, 16 Jun 2016 17:11:03 +0200},
  biburl    = {http://dblp.uni-trier.de/rec/bib/conf/cade/2012paar},
  bibsource = {dblp computer science bibliography, http://dblp.org}
}


@proceedings{DBLP:conf/cade/2016,
  editor    = {Nicola Olivetti and
               Ashish Tiwari},
  title     = {Automated Reasoning --- 8th International Joint Conference, {IJCAR}
               2016, Proceedings},
  series    = {Lecture Notes in Computer Science},
  volume    = {9706},
  publisher = {Springer},
  year      = {2016},
  url       = {http://dx.doi.org/10.1007/978-3-319-40229-1},
  doi       = {10.1007/978-3-319-40229-1},
  isbn      = {978-3-319-40228-4},
  timestamp = {Mon, 13 Jun 2016 18:03:24 +0200},
  biburl    = {http://dblp.uni-trier.de/rec/bib/conf/cade/2016},
  bibsource = {dblp computer science bibliography, http://dblp.org}
}

@proceedings{DBLP:conf/birthday/2013ganzinger,
  editor    = {Andrei Voronkov and
               Christoph Weidenbach},
  title     = {Programming Logics --- Essays in Memory of Harald Ganzinger},
  series    = {Lecture Notes in Computer Science},
  volume    = {7797},
  publisher = {Springer},
  year      = {2013},
  url       = {http://dx.doi.org/10.1007/978-3-642-37651-1},
  doi       = {10.1007/978-3-642-37651-1},
  isbn      = {978-3-642-37650-4},
  timestamp = {Tue, 25 Jun 2013 21:36:01 +0200},
  biburl    = {http://dblp.uni-trier.de/rec/bib/conf/birthday/2013ganzinger},
  bibsource = {dblp computer science bibliography, http://dblp.org}
}

@InProceedings{CF-iFM17,
  author = {YuTing Chen and Carlo A. Furia},
  title = {Triggerless Happy -- Intermediate Verification with a First-Order Prover},
  booktitle = {Proceedings of the 13th International Conference on integrated Formal Methods (iFM)},
  year = {2017},
  editor = {Nadia Polikarpova and Steve Schneider},
  series = {Lecture Notes in Computer Science},
  pages = {295--311},
  volume = {10510},
  month = {September},
  publisher = {Springer},
  acceptancerate = {37\%},
}

@inproceedings{DBLP:conf/cav/Voronkov14,
  author    = {Andrei Voronkov},
  title     = {{AVATAR:} The Architecture for First-Order Theorem Provers},
  booktitle = {Computer Aided Verification --- 26th International Conference, {CAV}
               2014},
  pages     = {696--710},
  year      = {2014},
  url       = {https://doi.org/10.1007/978-3-319-08867-9_46},
  doi       = {10.1007/978-3-319-08867-9_46},
  timestamp = {Thu, 25 May 2017 00:39:07 +0200},
  biburl    = {http://dblp.uni-trier.de/rec/bib/conf/cav/Voronkov14},
  bibsource = {dblp computer science bibliography, http://dblp.org}
}

@inproceedings{DBLP:conf/esop/FilliatreP13,
  author    = {Jean{-}Christophe Filli{\^{a}}tre and
               Andrei Paskevich},
  title     = {Why3 --- Where Programs Meet Provers},
  booktitle = {Programming Languages and Systems --- 22nd European Symposium on Programming,
               {ESOP} 2013},
  pages     = {125--128},
  year      = {2013},
  url       = {https://doi.org/10.1007/978-3-642-37036-6_8},
  doi       = {10.1007/978-3-642-37036-6_8},
  timestamp = {Fri, 19 May 2017 01:25:18 +0200},
  biburl    = {http://dblp.uni-trier.de/rec/bib/conf/esop/FilliatreP13},
  bibsource = {dblp computer science bibliography, http://dblp.org}
}

@article{FramaC,
  author    = {Florent Kirchner and
               Nikolai Kosmatov and
               Virgile Prevosto and
               Julien Signoles and
               Boris Yakobowski},
  title     = {Frama-C: {A} software analysis perspective},
  journal   = {Formal Asp. Comput.},
  volume    = {27},
  number    = {3},
  pages     = {573--609},
  year      = {2015},
  url       = {https://doi.org/10.1007/s00165-014-0326-7},
  doi       = {10.1007/s00165-014-0326-7},
  timestamp = {Wed, 17 May 2017 14:25:34 +0200},
  biburl    = {https://dblp.org/rec/bib/journals/fac/KirchnerKPSY15},
  bibsource = {dblp computer science bibliography, https://dblp.org}
}

@inproceedings{DBLP:conf/fmco/BarnettCDJL05,
  author    = {Michael Barnett and
               Bor{-}Yuh Evan Chang and
               Robert DeLine and
               Bart Jacobs and
               K. Rustan M. Leino},
  title     = {Boogie: {A} Modular Reusable Verifier for Object-Oriented Programs},
  booktitle = {Formal Methods for Components and Objects, 4th International Symposium,
               {FMCO} 2005},
  pages     = {364--387},
  year      = {2005},
  url       = {https://doi.org/10.1007/11804192_17},
  doi       = {10.1007/11804192_17},
  timestamp = {Fri, 02 Jun 2017 13:01:07 +0200},
  biburl    = {http://dblp.uni-trier.de/rec/bib/conf/fmco/BarnettCDJL05},
  bibsource = {dblp computer science bibliography, http://dblp.org}
}

@article{DBLP:journals/ipl/Leino05,
  author    = {K. Rustan M. Leino},
  title     = {Efficient weakest preconditions},
  journal   = {Inf. Process. Lett.},
  volume    = {93},
  number    = {6},
  pages     = {281--288},
  year      = {2005},
  url       = {https://doi.org/10.1016/j.ipl.2004.10.015},
  doi       = {10.1016/j.ipl.2004.10.015},
  timestamp = {Fri, 26 May 2017 22:54:46 +0200},
  biburl    = {http://dblp.uni-trier.de/rec/bib/journals/ipl/Leino05},
  bibsource = {dblp computer science bibliography, http://dblp.org}
}

@inproceedings{FOOLCNF,
  author    = {Evgenii Kotelnikov and Laura Kov\'acs and Martin Suda and Andrei Voronkov},
  title     = {A Clausal Normal Form Translation for {FOOL}},
  booktitle = {GCAI 2016. 2nd Global Conference on Artificial Intelligence},
  editor    = {Christoph Benzm\"uller and Geoff Sutcliffe and Raul Rojas},
  series    = {EPiC Series in Computing},
  volume    = {41},
  pages     = {53-71},
  year      = {2016},
  publisher = {EasyChair},
  bibsource = {EasyChair, http://www.easychair.org},
  issn      = {2398-7340}}

@article{leino2008boogie,
  title={This is {Boogie} 2},
  author={Leino, K. Rustan M.},
  journal={Manuscript KRML},
  volume={178},
  number={131},
  year={2008}
}

@inproceedings{DBLP:conf/popl/KovacsRV17,
  author    = {Laura Kov{\'{a}}cs and
               Simon Robillard and
               Andrei Voronkov},
  title     = {Coming to terms with quantified reasoning},
  booktitle = {Proceedings of the 44th {ACM} {SIGPLAN} Symposium on Principles of
               Programming Languages, {POPL} 2017},
  pages     = {260--270},
  year      = {2017},
  url       = {http://dl.acm.org/citation.cfm?id=3009887},
  timestamp = {Wed, 28 Dec 2016 13:22:29 +0100},
  biburl    = {http://dblp.uni-trier.de/rec/bib/conf/popl/KovacsRV17},
  bibsource = {dblp computer science bibliography, http://dblp.org}
}

@InProceedings{Sut10,
    Author       = "Sutcliffe, Geoff",
    Year         = "2010",
    Title        = "{The TPTP World --- Infrastructure for Automated Reasoning}",
    Editor       = "Clarke, E. and Voronkov, A.",
    BookTitle    = "{Proceedings of the 16th International Conference on Logic
                    for Programming, Artificial Intelligence, and Reasoning}",
    Place        = "Dakar, Senegal",
    Series       = "Lecture Notes in Artificial Intelligence",
    Number       = "6355",
    Pages        = "1-12",
    Publisher    = "Springer-Verlag",
    Comment      = "TPTPCite"
}

@Article{SS98-JAR,
    Author       = "Sutcliffe, Geoff and Suttner, Christian",
    Year         = "1998",
    Title        = "{The TPTP Problem Library: CNF Release v1.2.1}",
    Journal      = "Journal of Automated Reasoning",
    Volume       = "21",
    Number       = "2",
    Pages        = "177-203",
    Comment      = "TPTPRef,SystemOnTPTP,TPTPCite"
}

@Article{Sut09,
    Author       = "Sutcliffe, Geoff",
    Year         = "2009",
    Title        = "{The TPTP Problem Library and Associated Infrastructure.
                    The FOF and CNF Parts, v3.5.0}",
    Journal      = "Journal of Automated Reasoning",
    Volume       = "43",
    Number       = "4",
    Pages        = "337-362",
    Comment      = "TPTPRef"
}

@Book{Smu78,
    Author       = "Smullyan, Raymond M.",
    Year         = "1978",
    Title        = "{What is the Name of This Book? The Riddle of Dracula and
                    Other Logical Puzzles}",
    Publisher    = "Prentice-Hall",
    Comment      = "TPTPRef"
}

@inproceedings{LBLang,
 author = {Green, Todd J. and Aref, Molham and Karvounarakis, Grigoris},
 title = {LogicBlox, Platform and Language: A Tutorial},
 booktitle = {Proceedings of the Second International Conference on Datalog in Academia and Industry},
 series = {Datalog 2.0'12},
 year = {2012},
 isbn = {978-3-642-32924-1},
 location = {Vienna, Austria},
 pages = {1--8},
 numpages = {8},
 url = {http://dx.doi.org/10.1007/978-3-642-32925-8_1},
 doi = {10.1007/978-3-642-32925-8_1},
 acmid = {2415094},
 publisher = {Springer-Verlag},
 address = {Berlin, Heidelberg},
} 

@inproceedings{beliefs,
 author = {Lopes, Nuno P. and Bj{\o}rner, Nikolaj and Godefroid, Patrice and Jayaraman, Karthick and Varghese, George},
 title = {Checking Beliefs in Dynamic Networks},
 booktitle = {Proceedings of the 12th USENIX Conference on Networked Systems Design and Implementation},
 series = {NSDI'15},
 year = {2015},
 isbn = {978-1-931971-218},
 location = {Oakland, CA},
 pages = {499--512},
 numpages = {14},
 url = {http://dl.acm.org/citation.cfm?id=2789770.2789805},
 acmid = {2789805},
 publisher = {USENIX Association},
 address = {Berkeley, CA, USA},
} 

@inproceedings{lb,
 author = {Aref, Molham and ten Cate, Balder and Green, Todd J. and Kimelfeld, Benny and Olteanu, Dan and Pasalic, Emir and Veldhuizen, Todd L. and Washburn, Geoffrey},
 title = {Design and Implementation of the LogicBlox System},
 booktitle = {Proceedings of the 2015 ACM SIGMOD International Conference on Management of Data},
 series = {SIGMOD '15},
 year = {2015},
 isbn = {978-1-4503-2758-9},
 location = {Melbourne, Victoria, Australia},
 pages = {1371--1382},
 numpages = {12},
 url = {http://doi.acm.org/10.1145/2723372.2742796},
 doi = {10.1145/2723372.2742796},
 acmid = {2742796},
 publisher = {ACM},
 address = {New York, NY, USA},
 keywords = {datalog, incremental maintenance, leapfrog triejoin, live programming, logicblox, logiql, predictive analytics, transaction repair},
} 

@inproceedings{doop,
  author    = {Martin Bravenboer and
               Yannis Smaragdakis},
  title     = {Strictly declarative specification of sophisticated points-to analyses},
  booktitle = {Proceedings of the 24th Annual {ACM} {SIGPLAN} Conference on Object-Oriented
               Programming, Systems, Languages, and Applications, {OOPSLA} 2009,
               October 25-29, 2009, Orlando, Florida, {USA}},
  pages     = {243--262},
  year      = {2009},
  url       = {http://doi.acm.org/10.1145/1640089.1640108},
  doi       = {10.1145/1640089.1640108},
  timestamp = {Fri, 30 Oct 2009 13:58:43 +0100},
  biburl    = {https://dblp.org/rec/bib/conf/oopsla/BravenboerS09},
  bibsource = {dblp computer science bibliography, https://dblp.org}
}


@book{Abiteboul95,
  author    = {Serge Abiteboul and Richard Hull and Victor Vianu},
  title     = {Foundations of Databases},
  publisher = {Addison-Wesley},
  year      = {1995},
  isbn      = {0-201-53771-0}
}

@inproceedings{muZ,
 author = {Hoder, Kry\v{s}tof and Bj{\o}rner, Nikolaj and De Moura, Leonardo},
 title = {{muZ}: {A}n Efficient Engine for Fixed Points with Constraints},
 booktitle = {Proceedings of the 23rd International Conference on Computer Aided Verification},
 series = {CAV'11},
 year = {2011},
 isbn = {978-3-642-22109-5},
 location = {Snowbird, UT},
 pages = {457--462},
 numpages = {6},
 url = {http://dl.acm.org/citation.cfm?id=2032305.2032341},
 acmid = {2032341},
 publisher = {Springer-Verlag},
 address = {Berlin, Heidelberg},
} 

@inproceedings{datalogFOL,
author = {Ajtai, Miklos and Gurevich, Yuri},
title = {Datalog vs First-Order Logic},
booktitle = {},
year = {2001},
month = {August},
publisher = {},
url = {https://www.microsoft.com/en-us/research/publication/datalog-vs-first-order-logic/},
address = {},
pages = {},
journal = {},
volume = {},
chapter = {},
isbn = {},
}

@inproceedings{crystalnet,
  author    = {Hongqiang Harry Liu and
               Yibo Zhu and
               Jitu Padhye and
               Jiaxin Cao and
               Sri Tallapragada and
               Nuno P. Lopes and
               Andrey Rybalchenko and
               Guohan Lu and
               Lihua Yuan},
  title     = {CrystalNet: Faithfully Emulating Large Production Networks},
  booktitle = {Proceedings of the 26th Symposium on Operating Systems Principles,
               Shanghai, China, October 28-31, 2017},
  pages     = {599--613},
  year      = {2017},
  url       = {http://doi.acm.org/10.1145/3132747.3132759},
  doi       = {10.1145/3132747.3132759},
  timestamp = {Thu, 19 Oct 2017 21:48:10 +0200},
  biburl    = {https://dblp.org/rec/bib/conf/sosp/LiuZPCTLRLY17},
  bibsource = {dblp computer science bibliography, https://dblp.org}
}
@inproceedings{batfish,
 author = {Fogel, Ari and Fung, Stanley and Pedrosa, Luis and Walraed-Sullivan, Meg and Govindan, Ramesh and Mahajan, Ratul and Millstein, Todd},
 title = {A General Approach to Network Configuration Analysis},
 booktitle = {Proceedings of the 12th USENIX Conference on Networked Systems Design and Implementation},
 series = {NSDI'15},
 year = {2015},
 isbn = {978-1-931971-218},
 location = {Oakland, CA},
 pages = {469--483},
 numpages = {15},
 url = {http://dl.acm.org/citation.cfm?id=2789770.2789803},
 acmid = {2789803},
 publisher = {USENIX Association},
 address = {Berkeley, CA, USA},
} 

@inproceedings{DBLP:conf/icdcit/BjornerJ15,
  author    = {Nikolaj Bj{\o}rner and
               Karthick Jayaraman},
  title     = {{Checking Cloud Contracts in Microsoft Azure}},
  booktitle = {Distributed Computing and Internet Technology --- 11th International
               Conference, {ICDCIT} 2015, Proceedings},
  pages     = {21--32},
  year      = {2015},
  url       = {https://doi.org/10.1007/978-3-319-14977-6_2},
  doi       = {10.1007/978-3-319-14977-6_2},
  timestamp = {Thu, 25 May 2017 00:42:43 +0200},
  biburl    = {http://dblp.org/rec/bib/conf/icdcit/BjornerJ15},
  bibsource = {dblp computer science bibliography, http://dblp.org}
}

@inproceedings{VampireFMB,
  author    = {Giles Reger and
               Martin Suda and
               Andrei Voronkov},
  title     = {Finding Finite Models in Multi-sorted First-Order Logic},
  booktitle = {Theory and Applications of Satisfiability Testing --- {SAT} 2016 -- 19th
               International Conference, Proceedings},
  pages     = {323--341},
  year      = {2016},
  url       = {https://doi.org/10.1007/978-3-319-40970-2_20},
  doi       = {10.1007/978-3-319-40970-2_20},
  timestamp = {Tue, 23 May 2017 01:08:19 +0200},
  biburl    = {https://dblp.org/rec/bib/conf/sat/Reger0V16},
  bibsource = {dblp computer science bibliography, https://dblp.org}
}

@inproceedings{DBLP:conf/gcai/RegerB0V16,
  author    = {Giles Reger and
               Nikolaj Bj{\o}rner and
               Martin Suda and
               Andrei Voronkov},
  title     = {{AVATAR} Modulo Theories},
  booktitle = {{GCAI} 2016. 2nd Global Conference on Artificial Intelligence},
  pages     = {39--52},
  year      = {2016},
  url       = {http://www.easychair.org/publications/paper/299800},
  timestamp = {Tue, 25 Jul 2017 11:35:36 +0200},
  biburl    = {http://dblp.uni-trier.de/rec/bib/conf/gcai/RegerB0V16},
  bibsource = {dblp computer science bibliography, http://dblp.org}
}

@inproceedings{DBLP:conf/lpar/RegerS17,
  author    = {Giles Reger and
               Martin Suda},
  title     = {Set of Support for Theory Reasoning},
  booktitle = {IWIL@LPAR 2017 Workshop and {LPAR-21} Short Presentations},
  year      = {2017},
  url       = {http://www.easychair.org/publications/paper/346431},
  timestamp = {Tue, 27 Jun 2017 18:13:16 +0200},
  biburl    = {http://dblp.org/rec/bib/conf/lpar/RegerS17},
  bibsource = {dblp computer science bibliography, http://dblp.org}
}

@article{DBLP:journals/cm/FosterGRSFKMRRSWH13,
  author    = {Nate Foster and
               Arjun Guha and
               Mark Reitblatt and
               Alec Story and
               Michael J. Freedman and
               Naga Praveen Katta and
               Christopher Monsanto and
               Joshua Reich and
               Jennifer Rexford and
               Cole Schlesinger and
               David Walker and
               Rob Harrison},
  title     = {Languages for software-defined networks},
  journal   = {{IEEE} Communications Magazine},
  volume    = {51},
  number    = {2},
  pages     = {128--134},
  year      = {2013},
  url       = {https://doi.org/10.1109/MCOM.2013.6461197},
  doi       = {10.1109/MCOM.2013.6461197},
  timestamp = {Fri, 26 May 2017 22:50:57 +0200},
  biburl    = {https://dblp.org/rec/bib/journals/cm/FosterGRSFKMRRSWH13},
  bibsource = {dblp computer science bibliography, https://dblp.org}
}

@inproceedings{DBLP:conf/pldi/BallBGIKSSV14,
  author    = {Thomas Ball and
               Nikolaj Bj{\o}rner and
               Aaron Gember and
               Shachar Itzhaky and
               Aleksandr Karbyshev and
               Mooly Sagiv and
               Michael Schapira and
               Asaf Valadarsky},
  title     = {{VeriCon}: towards verifying controller programs in software-defined
               networks},
  booktitle = {{ACM} {SIGPLAN} Conference on Programming Language Design and Implementation,
               {PLDI}'14, 2014},
  pages     = {282--293},
  year      = {2014},
  url       = {http://doi.acm.org/10.1145/2594291.2594317},
  doi       = {10.1145/2594291.2594317},
  timestamp = {Tue, 20 Dec 2016 10:12:01 +0100},
  biburl    = {http://dblp.org/rec/bib/conf/pldi/BallBGIKSSV14},
  bibsource = {dblp computer science bibliography, http://dblp.org}
}

@inproceedings{DBLP:conf/cav/El-HassanyTVV17,
  author    = {Ahmed El{-}Hassany and
               Petar Tsankov and
               Laurent Vanbever and
               Martin T. Vechev},
  title     = {Network-Wide Configuration Synthesis},
  booktitle = {Computer Aided Verification --- 29th International Conference, {CAV}
               2017, Proceedings, Part {II}},
  pages     = {261--281},
  year      = {2017},
  url       = {https://doi.org/10.1007/978-3-319-63390-9_14},
  doi       = {10.1007/978-3-319-63390-9_14},
  timestamp = {Fri, 14 Jul 2017 13:10:55 +0200},
  biburl    = {http://dblp.org/rec/bib/conf/cav/El-HassanyTVV17},
  bibsource = {dblp computer science bibliography, http://dblp.org}
}

@article{jayaraman2014automated,
  title={Automated analysis and debugging of network connectivity policies},
  author={Jayaraman, Karthick and Bj{\o}rner, Nikolaj and Outhred, Geoff and Kaufman, Charlie},
  journal={Microsoft Research},
  pages={1--11},
  year={2014}
}

@misc{AmazonVPC,
  title = {{Amazon Virtual Private Cloud}},
  howpublished = {\url{https://aws.amazon.com/vpc/}},
  note = {Accessed: June 2018}
}

@misc{AzureVirtualNetwork,
  title = {{Virtual Network --- Virtual Private Cloud | Microsoft Azure}},
  howpublished = {\url{https://azure.microsoft.com/en-us/services/virtual-network/}},
  note = {Accessed: June 2018}
}

@misc{WhatIsAmazonVPC,
  title = {{What Is Amazon VPC?}},
  howpublished = {\url{https://docs.aws.amazon.com/AmazonVPC/latest/UserGuide/VPC_Introduction.html}},
  note = {Accessed: March 2018}
}

@article{SDN,
  author    = {Diego Kreutz and
               Fernando M. V. Ramos and
               Paulo Jorge Esteves Ver{\'{\i}}ssimo and
               Christian Esteve Rothenberg and
               Siamak Azodolmolky and
               Steve Uhlig},
  title     = {Software-Defined Networking: {A} Comprehensive Survey},
  journal   = {Proceedings of the {IEEE}},
  volume    = {103},
  number    = {1},
  pages     = {14--76},
  year      = {2015},
  url       = {https://doi.org/10.1109/JPROC.2014.2371999},
  doi       = {10.1109/JPROC.2014.2371999},
  timestamp = {Thu, 08 Jun 2017 09:04:06 +0200},
  biburl    = {https://dblp.org/rec/bib/journals/pieee/KreutzRVRAU15},
  bibsource = {dblp computer science bibliography, https://dblp.org}
}

@inproceedings{Veriflow,
  author    = {Ahmed Khurshid and
               Xuan Zou and
               Wenxuan Zhou and
               Matthew Caesar and
               Philip Brighten Godfrey},
  title     = {VeriFlow: Verifying Network-Wide Invariants in Real Time},
  booktitle = {Proceedings of the 10th {USENIX} Symposium on Networked Systems Design
               and Implementation, {NSDI} 2013},
  pages     = {15--27},
  year      = {2013},
  url       = {https://www.usenix.org/conference/nsdi13/technical-sessions/presentation/khurshid},
  timestamp = {Wed, 29 Mar 2017 16:45:22 +0200},
  biburl    = {http://dblp.org/rec/bib/conf/nsdi/KhurshidZZCG13},
  bibsource = {dblp computer science bibliography, http://dblp.org}
}

@inproceedings{ConfigChecker,
  author    = {Ehab Al{-}Shaer and
               Wilfredo Marrero and
               Adel El{-}Atawy and
               Khalid Elbadawi},
  title     = {{Network Configuration in a Box: Towards End-to-End Verification
               of Network Reachability and Security}},
  booktitle = {Proceedings of the 17th annual {IEEE} International Conference on
               Network Protocols, 2009. {ICNP} 2009, Princeton, NJ, USA, 13-16 October
               2009},
  pages     = {123--132},
  year      = {2009},
  url       = {https://doi.org/10.1109/ICNP.2009.5339690},
  doi       = {10.1109/ICNP.2009.5339690},
  timestamp = {Sun, 04 Jun 2017 10:06:16 +0200},
  biburl    = {http://dblp.org/rec/bib/conf/icnp/Al-ShaerMEE09},
  bibsource = {dblp computer science bibliography, http://dblp.org}
}

@inproceedings{Anteater,
  author    = {Haohui Mai and
               Ahmed Khurshid and
               Rachit Agarwal and
               Matthew Caesar and
               Brighten Godfrey and
               Samuel Talmadge King},
  title     = {{Debugging the Data Plane with Anteater}},
  booktitle = {Proceedings of the {ACM} {SIGCOMM} 2011 Conference on Applications,
               Technologies, Architectures, and Protocols for Computer Communications,
               2011},
  pages     = {290--301},
  year      = {2011},
  url       = {http://doi.acm.org/10.1145/2018436.2018470},
  doi       = {10.1145/2018436.2018470},
  timestamp = {Tue, 26 Jan 2016 10:12:59 +0100},
  biburl    = {http://dblp.org/rec/bib/conf/sigcomm/MaiKACGK11},
  bibsource = {dblp computer science bibliography, http://dblp.org}
}

@inproceedings{souffle,
  author    = {Herbert Jordan and
               Bernhard Scholz and
               Pavle Subotic},
  title     = {Souffl{\'{e}}: {On} Synthesis of Program Analyzers},
  booktitle = {Computer Aided Verification --- 28th International Conference, {CAV}
               2016, Proceedings, Part {II}},
  pages     = {422--430},
  year      = {2016},
  url       = {https://doi.org/10.1007/978-3-319-41540-6_23},
  doi       = {10.1007/978-3-319-41540-6_23},
  timestamp = {Thu, 25 May 2017 00:39:07 +0200},
  biburl    = {https://dblp.org/rec/bib/conf/cav/JordanSS16},
  bibsource = {dblp computer science bibliography, https://dblp.org}
}

@article{DBLP:journals/jacm/DetlefsNS05,
  author    = {David Detlefs and
               Greg Nelson and
               James B. Saxe},
  title     = {Simplify: a theorem prover for program checking},
  journal   = {J. {ACM}},
  volume    = {52},
  number    = {3},
  pages     = {365--473},
  year      = {2005},
  url       = {http://doi.acm.org/10.1145/1066100.1066102},
  doi       = {10.1145/1066100.1066102},
  timestamp = {Thu, 09 Feb 2006 13:34:10 +0100},
  biburl    = {https://dblp.org/rec/bib/journals/jacm/DetlefsNS05},
  bibsource = {dblp computer science bibliography, https://dblp.org}
}

@inproceedings{DBLP:conf/cade/MouraB07,
  author    = {Leonardo Mendon{\c{c}}a de Moura and
               Nikolaj Bj{\o}rner},
  title     = {Efficient E-Matching for {SMT} Solvers},
  booktitle = {Automated Deduction --- CADE-21, 21st International Conference on Automated
               Deduction, Proceedings},
  pages     = {183--198},
  year      = {2007},
  url       = {https://doi.org/10.1007/978-3-540-73595-3_13},
  doi       = {10.1007/978-3-540-73595-3_13},
  timestamp = {Fri, 02 Jun 2017 13:01:06 +0200},
  biburl    = {https://dblp.org/rec/bib/conf/cade/MouraB07},
  bibsource = {dblp computer science bibliography, https://dblp.org}
}

@techreport{mccune1994davis,
  title={{A Davis-Putnam program and its application to finite first-order model search: Quasigroup existence problems}},
  author={McCune, William},
  year={1994},
  institution={Argonne National Laboratory}
}

@article{Datalog,
  author    = {Todd J. Green and
               Shan Shan Huang and
               Boon Thau Loo and
               Wenchao Zhou},
  title     = {Datalog and Recursive Query Processing},
  journal   = {Foundations and Trends in Databases},
  volume    = {5},
  number    = {2},
  pages     = {105--195},
  year      = {2013},
  url       = {https://doi.org/10.1561/1900000017},
  doi       = {10.1561/1900000017},
  timestamp = {Fri, 26 May 2017 22:55:02 +0200},
  biburl    = {https://dblp.org/rec/bib/journals/ftdb/GreenHLZ13},
  bibsource = {dblp computer science bibliography, https://dblp.org}
}

@Incollection{NieuwenhuisRubio:HandbookAR:paramodulation:2001,
  title = {{Paramodulation-Based Theorem Proving}},
  author = {Robert Nieuwenhuis and Albert Rubio},
  chapter = 7,
  booktitle = {Handbook of Automated Reasoning},
  publisher = {Elsevier Science},
  editor = {A. Robinson and A. Voronkov},
  year = 2001,
  volume = {I},
  pages = {371-443}}

@inproceedings{DBLP:conf/adbt/Clark77,
  author    = {Keith L. Clark},
  title     = {Negation as Failure},
  booktitle = {Logic and Data Bases, Symposium on Logic and Data Bases, Centre d'{\'{e}}tudes
               et de recherches de Toulouse, 1977.},
  pages     = {293--322},
  year      = {1977},
  timestamp = {Fri, 13 Jan 2017 09:53:53 +0100},
  biburl    = {https://dblp.org/rec/bib/conf/adbt/Clark77},
  bibsource = {dblp computer science bibliography, https://dblp.org}
}

@inproceedings{Weidenbach99,
  author    = {Christoph Weidenbach},
  title     = {Towards an Automatic Analysis of Security Protocols in First-Order
               Logic},
  booktitle = {Automated Deduction --- CADE-16, 16th International Conference on Automated
               Deduction, Proceedings},
  pages     = {314--328},
  year      = {1999},
  url       = {https://doi.org/10.1007/3-540-48660-7_29},
  doi       = {10.1007/3-540-48660-7_29},
  timestamp = {Wed, 24 May 2017 15:40:41 +0200},
  biburl    = {https://dblp.org/rec/bib/conf/cade/Weidenbach99},
  bibsource = {dblp computer science bibliography, https://dblp.org}
}

@article{benzekki2016software,
  title={Software-defined networking (SDN): a survey},
  author={Benzekki, Kamal and El Fergougui, Abdeslam and Elbelrhiti Elalaoui, Abdelbaki},
  journal={Security and communication networks},
  volume={9},
  number={18},
  pages={5803--5833},
  year={2016},
  publisher={Wiley Online Library}
}

@inproceedings{DBLP:conf/cade/Reger0V14,
  author    = {Giles Reger and
               Martin Suda and
               Andrei Voronkov},
  title     = {{The Challenges of Evaluating a New Feature in Vampire}},
  booktitle = {Proceedings of the 1st and 2nd Vampire Workshops, Vampire@VSL 2014,
               Vienna, Austria, July 23, 2014 / Vampire@CADE 2015, Berlin, Germany,
               August 2, 2015},
  pages     = {70--74},
  year      = {2014},
  url       = {http://www.easychair.org/publications/paper/184298},
  timestamp = {Tue, 25 Jul 2017 11:35:35 +0200},
  biburl    = {https://dblp.org/rec/bib/conf/cade/Reger0V14},
  bibsource = {dblp computer science bibliography, https://dblp.org}
}

@inproceedings{DBLP:conf/cav/BarrettMS05,
  author    = {Clark W. Barrett and
               Leonardo Mendon{\c{c}}a de Moura and
               Aaron Stump},
  title     = {{SMT-COMP:} Satisfiability Modulo Theories Competition},
  booktitle = {Computer Aided Verification, 17th International Conference, {CAV}
               2005, Proceedings},
  pages     = {20--23},
  year      = {2005},
  url       = {https://doi.org/10.1007/11513988_4},
  doi       = {10.1007/11513988_4},
  timestamp = {Tue, 30 May 2017 16:36:52 +0200},
  biburl    = {https://dblp.org/rec/bib/conf/cav/BarrettMS05},
  bibsource = {dblp computer science bibliography, https://dblp.org}
}

@book{DBLP:books/sp/Lloyd87,
  author    = {John W. Lloyd},
  title     = {Foundations of Logic Programming, 2nd Edition},
  publisher = {Springer},
  year      = {1987},
  isbn      = {3-540-18199-7},
  timestamp = {Thu, 03 Jan 2002 11:51:48 +0100},
  biburl    = {https://dblp.org/rec/bib/books/sp/Lloyd87},
  bibsource = {dblp computer science bibliography, https://dblp.org}
}

@inproceedings{claessen2003new,
  title={New techniques that improve {MACE}-style finite model finding},
  author={Claessen, Koen and S{\"o}rensson, Niklas},
  booktitle={Proceedings of the CADE-19 Workshop: Model Computation-Principles, Algorithms, Applications},
  pages={11--27},
  year={2003},
  organization={Citeseer}
}

@InProceedings{CVC4FMB,
author={Reynolds, Andrew and Tinelli, Cesare and Goel, Amit and Krsti\'{c}, Sava},
editor={Sharygina, Natasha and Veith, Helmut},
title={Finite Model Finding in {SMT}},
booktitle="Computer Aided Verification",
year="2013",
publisher="Springer Berlin Heidelberg",
address="Berlin, Heidelberg",
pages="640--655",
isbn="978-3-642-39799-8"
}

@article{Infinox,
  author    = {Koen Claessen and
               Ann Lilliestr{\"{o}}m},
  title     = {Automated Inference of Finite Unsatisfiability},
  journal   = {J. Autom. Reasoning},
  volume    = {47},
  number    = {2},
  pages     = {111--132},
  year      = {2011},
  url       = {https://doi.org/10.1007/s10817-010-9216-8},
  doi       = {10.1007/s10817-010-9216-8},
  timestamp = {Sat, 20 May 2017 00:22:32 +0200},
  biburl    = {https://dblp.org/rec/bib/journals/jar/ClaessenL11},
  bibsource = {dblp computer science bibliography, https://dblp.org}
}

@article{Gandalf,
  author    = {Tanel Tammet},
  title     = {Gandalf},
  journal   = {Journal of Automated Reasoning},
  volume    = {18},
  number    = {2},
  pages     = {199--204},
  year      = {1997},
  url       = {https://doi.org/10.1023/A:1005887414560},
  doi       = {10.1023/A:1005887414560},
  timestamp = {Sat, 20 May 2017 00:22:32 +0200},
  biburl    = {https://dblp.org/rec/bib/journals/jar/Tammet97},
  bibsource = {dblp computer science bibliography, https://dblp.org}
}

@inproceedings{DBLP:conf/atva/Lisitsa10,
  author    = {Alexei Lisitsa},
  title     = {Reachability as Derivability, Finite Countermodels and Verification},
  booktitle = {Automated Technology for Verification and Analysis --- 8th International
               Symposium, {ATVA} 2010, Singapore, September 21-24, 2010. Proceedings},
  pages     = {233--244},
  year      = {2010},
  url       = {https://doi.org/10.1007/978-3-642-15643-4_18},
  doi       = {10.1007/978-3-642-15643-4_18},
  timestamp = {Sun, 21 May 2017 00:22:26 +0200},
  biburl    = {https://dblp.org/rec/bib/conf/atva/Lisitsa10},
  bibsource = {dblp computer science bibliography, https://dblp.org}
}

@article{DBLP:journals/jcs/Goubault-Larrecq10,
  author    = {Jean Goubault{-}Larrecq},
  title     = {Finite models for formal security proofs},
  journal   = {Journal of Computer Security},
  volume    = {18},
  number    = {6},
  pages     = {1247--1299},
  year      = {2010},
  url       = {https://doi.org/10.3233/JCS-2009-0395},
  doi       = {10.3233/JCS-2009-0395},
  timestamp = {Fri, 26 May 2017 22:53:13 +0200},
  biburl    = {https://dblp.org/rec/bib/journals/jcs/Goubault-Larrecq10},
  bibsource = {dblp computer science bibliography, https://dblp.org}
}

@inproceedings{DBLP:conf/ijcai/Walther83,
  author    = {Christoph Walther},
  title     = {A Many-Sorted Calculus Based on Resolution and Paramodulation},
  booktitle = {Proceedings of the 8th International Joint Conference on Artificial
               Intelligence, 1983},
  pages     = {882--891},
  year      = {1983},
  url       = {http://ijcai.org/Proceedings/83-2/Papers/067.pdf},
  timestamp = {Tue, 19 Jul 2016 11:55:14 +0200},
  biburl    = {https://dblp.org/rec/bib/conf/ijcai/Walther83},
  bibsource = {dblp computer science bibliography, https://dblp.org}
}

@inproceedings{DBLP:conf/cade/HoderV13,
  author    = {Kry\v{s}tof Hoder and
               Andrei Voronkov},
  title     = {The 481 Ways to Split a Clause and Deal with Propositional Variables},
  booktitle = {Automated Deduction --- {CADE-24} --- 24th International Conference on
               Automated Deduction, Proceedings},
  pages     = {450--464},
  year      = {2013},
  url       = {https://doi.org/10.1007/978-3-642-38574-2_33},
  doi       = {10.1007/978-3-642-38574-2_33},
  timestamp = {Sun, 21 May 2017 00:17:18 +0200},
  biburl    = {https://dblp.org/rec/bib/conf/cade/HoderV13},
  bibsource = {dblp computer science bibliography, https://dblp.org}
}

@inproceedings{DBLP:conf/fmcad/HojjatRMCF16,
  author    = {Hossein Hojjat and
               Philipp R{\"{u}}mmer and
               Jedidiah McClurg and
               Pavol Cern{\'{y}} and
               Nate Foster},
  title     = {Optimizing horn solvers for network repair},
  booktitle = {2016 Formal Methods in Computer-Aided Design, {FMCAD} 2016, Mountain
               View, CA, USA, October 3--6, 2016},
  pages     = {73--80},
  year      = {2016},
  url       = {https://doi.org/10.1109/FMCAD.2016.7886663},
  doi       = {10.1109/FMCAD.2016.7886663},
  timestamp = {Wed, 17 May 2017 10:54:03 +0200},
  biburl    = {https://dblp.org/rec/bib/conf/fmcad/HojjatRMCF16},
  bibsource = {dblp computer science bibliography, https://dblp.org}
}

@inproceedings{Rummer06,
  author    = {Philipp R{\"{u}}mmer},
  title     = {{Sequential, Parallel, and Quantified Updates of First-Order Structures}},
  booktitle = {Logic for Programming, Artificial Intelligence, and Reasoning, 13th
               International Conference, {LPAR} 2006, Proceedings},
  pages     = {422--436},
  year      = {2006},
  url       = {https://doi.org/10.1007/11916277\_29},
  doi       = {10.1007/11916277\_29},
  timestamp = {Fri, 02 Jun 2017 13:01:08 +0200},
  biburl    = {https://dblp.org/rec/bib/conf/lpar/Rummer06},
  bibsource = {dblp computer science bibliography, https://dblp.org}
}

@MASTERSTHESIS{Karl2006,
AUTHOR = {Karl, Carsten},
TITLE = {{Automatische Analyse von Layer 3 Netzwerken mit SPASS}},
SCHOOL = {Universit{\"a}t des Saarlandes},
YEAR = {2006},
TYPE = {Master's thesis},
MONTH = {July}
}

@MASTERSTHESIS{Hirt2006,
AUTHOR = {Hirth, Simon},
TITLE = {{Automatische Analyse von DHCP und h{\"o}heren Infrasturkturdiensten mit SPASS}},
SCHOOL = {Universit{\"a}t des Saarlandes},
YEAR = {2006},
TYPE = {Master's thesis},
MONTH = {July}
}
