@inproceedings{LBLang,
 author = {Green, Todd J. and Aref, Molham and Karvounarakis, Grigoris},
 title = {LogicBlox, Platform and Language: A Tutorial},
 booktitle = {Proceedings of the Second International Conference on Datalog in Academia and Industry},
 series = {Datalog 2.0'12},
 year = {2012},
 isbn = {978-3-642-32924-1},
 location = {Vienna, Austria},
 pages = {1--8},
 numpages = {8},
 url = {http://dx.doi.org/10.1007/978-3-642-32925-8_1},
 doi = {10.1007/978-3-642-32925-8_1},
 acmid = {2415094},
 publisher = {Springer-Verlag},
 address = {Berlin, Heidelberg},
} 

@inproceedings{beliefs,
 author = {Lopes, Nuno P. and Bj{\o}rner, Nikolaj and Godefroid, Patrice and Jayaraman, Karthick and Varghese, George},
 title = {Checking Beliefs in Dynamic Networks},
 booktitle = {Proceedings of the 12th USENIX Conference on Networked Systems Design and Implementation},
 series = {NSDI'15},
 year = {2015},
 isbn = {978-1-931971-218},
 location = {Oakland, CA},
 pages = {499--512},
 numpages = {14},
 url = {http://dl.acm.org/citation.cfm?id=2789770.2789805},
 acmid = {2789805},
 publisher = {USENIX Association},
 address = {Berkeley, CA, USA},
} 

@inproceedings{lb,
 author = {Aref, Molham and ten Cate, Balder and Green, Todd J. and Kimelfeld, Benny and Olteanu, Dan and Pasalic, Emir and Veldhuizen, Todd L. and Washburn, Geoffrey},
 title = {Design and Implementation of the LogicBlox System},
 booktitle = {Proceedings of the 2015 ACM SIGMOD International Conference on Management of Data},
 series = {SIGMOD '15},
 year = {2015},
 isbn = {978-1-4503-2758-9},
 location = {Melbourne, Victoria, Australia},
 pages = {1371--1382},
 numpages = {12},
 url = {http://doi.acm.org/10.1145/2723372.2742796},
 doi = {10.1145/2723372.2742796},
 acmid = {2742796},
 publisher = {ACM},
 address = {New York, NY, USA},
 keywords = {datalog, incremental maintenance, leapfrog triejoin, live programming, logicblox, logiql, predictive analytics, transaction repair},
} 

@inproceedings{doop,
  author    = {Martin Bravenboer and
               Yannis Smaragdakis},
  title     = {Strictly declarative specification of sophisticated points-to analyses},
  booktitle = {Proceedings of the 24th Annual {ACM} {SIGPLAN} Conference on Object-Oriented
               Programming, Systems, Languages, and Applications, {OOPSLA} 2009,
               October 25-29, 2009, Orlando, Florida, {USA}},
  pages     = {243--262},
  year      = {2009},
  url       = {http://doi.acm.org/10.1145/1640089.1640108},
  doi       = {10.1145/1640089.1640108},
  timestamp = {Fri, 30 Oct 2009 13:58:43 +0100},
  biburl    = {https://dblp.org/rec/bib/conf/oopsla/BravenboerS09},
  bibsource = {dblp computer science bibliography, https://dblp.org}
}


@book{Abiteboul95,
  author    = {Serge Abiteboul and Richard Hull and Victor Vianu},
  title     = {Foundations of Databases},
  publisher = {Addison-Wesley},
  year      = {1995},
  isbn      = {0-201-53771-0}
}

@inproceedings{muZ,
 author = {Hoder, Kry\v{s}tof and Bj{\o}rner, Nikolaj and De Moura, Leonardo},
 title = {{muZ}: An Efficient Engine for Fixed Points with Constraints},
 booktitle = {Proceedings of the 23rd International Conference on Computer Aided Verification},
 series = {CAV'11},
 year = {2011},
 isbn = {978-3-642-22109-5},
 location = {Snowbird, UT},
 pages = {457--462},
 numpages = {6},
 url = {http://dl.acm.org/citation.cfm?id=2032305.2032341},
 acmid = {2032341},
 publisher = {Springer-Verlag},
 address = {Berlin, Heidelberg},
} 

@inproceedings{datalogFOL,
author = {Ajtai, Miklos and Gurevich, Yuri},
title = {Datalog vs First-Order Logic},
booktitle = {},
year = {2001},
month = {August},
publisher = {},
url = {https://www.microsoft.com/en-us/research/publication/datalog-vs-first-order-logic/},
address = {},
pages = {},
journal = {},
volume = {},
chapter = {},
isbn = {},
}

@inproceedings{crystalnet,
  author    = {Hongqiang Harry Liu and
               Yibo Zhu and
               Jitu Padhye and
               Jiaxin Cao and
               Sri Tallapragada and
               Nuno P. Lopes and
               Andrey Rybalchenko and
               Guohan Lu and
               Lihua Yuan},
  title     = {CrystalNet: Faithfully Emulating Large Production Networks},
  booktitle = {Proceedings of the 26th Symposium on Operating Systems Principles,
               Shanghai, China, October 28-31, 2017},
  pages     = {599--613},
  year      = {2017},
  url       = {http://doi.acm.org/10.1145/3132747.3132759},
  doi       = {10.1145/3132747.3132759},
  timestamp = {Thu, 19 Oct 2017 21:48:10 +0200},
  biburl    = {https://dblp.org/rec/bib/conf/sosp/LiuZPCTLRLY17},
  bibsource = {dblp computer science bibliography, https://dblp.org}
}
@inproceedings{batfish,
 author = {Fogel, Ari and Fung, Stanley and Pedrosa, Luis and Walraed-Sullivan, Meg and Govindan, Ramesh and Mahajan, Ratul and Millstein, Todd},
 title = {A General Approach to Network Configuration Analysis},
 booktitle = {Proceedings of the 12th USENIX Conference on Networked Systems Design and Implementation},
 series = {NSDI'15},
 year = {2015},
 isbn = {978-1-931971-218},
 location = {Oakland, CA},
 pages = {469--483},
 numpages = {15},
 url = {http://dl.acm.org/citation.cfm?id=2789770.2789803},
 acmid = {2789803},
 publisher = {USENIX Association},
 address = {Berkeley, CA, USA},
} 

@inproceedings{DBLP:conf/icdcit/BjornerJ15,
  author    = {Nikolaj Bj{\o}rner and
               Karthick Jayaraman},
  title     = {Checking Cloud Contracts in Microsoft Azure},
  booktitle = {Distributed Computing and Internet Technology - 11th International
               Conference, {ICDCIT} 2015, Bhubaneswar, India, February 5-8, 2015.
               Proceedings},
  pages     = {21--32},
  year      = {2015},
  url       = {https://doi.org/10.1007/978-3-319-14977-6_2},
  doi       = {10.1007/978-3-319-14977-6_2},
  timestamp = {Thu, 25 May 2017 00:42:43 +0200},
  biburl    = {http://dblp.org/rec/bib/conf/icdcit/BjornerJ15},
  bibsource = {dblp computer science bibliography, http://dblp.org}
}

@inproceedings{SPASS,
  author    = {Christoph Weidenbach and
               Dilyana Dimova and
               Arnaud Fietzke and
               Rohit Kumar and
               Martin Suda and
               Patrick Wischnewski},
  title     = {{SPASS} Version 3.5},
  booktitle = {Automated Deduction - CADE-22, 22nd International Conference on Automated
               Deduction, Montreal, Canada, August 2-7, 2009. Proceedings},
  pages     = {140--145},
  year      = {2009},
  url       = {https://doi.org/10.1007/978-3-642-02959-2_10},
  doi       = {10.1007/978-3-642-02959-2_10},
  timestamp = {Sun, 21 May 2017 00:17:18 +0200},
  biburl    = {https://dblp.org/rec/bib/conf/cade/WeidenbachDFKSW09},
  bibsource = {dblp computer science bibliography, https://dblp.org}
}

@inproceedings{Vampire13,
  author    = {Laura Kov{\'a}cs and
               Andrei Voronkov},
  title     = {{First-Order Theorem Proving and Vampire}},
  booktitle = {Proceedings of CAV},
  year      = {2013},
  pages     = {1-35},
 volume={8044},
series={LNCS}}

@inproceedings{VampireFMB,
  author    = {Giles Reger and
               Martin Suda and
               Andrei Voronkov},
  title     = {Finding Finite Models in Multi-sorted First-Order Logic},
  booktitle = {Theory and Applications of Satisfiability Testing - {SAT} 2016 - 19th
               International Conference, Bordeaux, France, July 5-8, 2016, Proceedings},
  pages     = {323--341},
  year      = {2016},
  url       = {https://doi.org/10.1007/978-3-319-40970-2_20},
  doi       = {10.1007/978-3-319-40970-2_20},
  timestamp = {Tue, 23 May 2017 01:08:19 +0200},
  biburl    = {https://dblp.org/rec/bib/conf/sat/Reger0V16},
  bibsource = {dblp computer science bibliography, https://dblp.org}
}

@inproceedings{DBLP:conf/cav/Voronkov14,
  author    = {Andrei Voronkov},
  title     = {{AVATAR:} The Architecture for First-Order Theorem Provers},
  booktitle = {Computer Aided Verification --- 26th International Conference, {CAV}
               2014},
  pages     = {696--710},
  year      = {2014},
  url       = {https://doi.org/10.1007/978-3-319-08867-9_46},
  doi       = {10.1007/978-3-319-08867-9_46},
  timestamp = {Thu, 25 May 2017 00:39:07 +0200},
  biburl    = {http://dblp.uni-trier.de/rec/bib/conf/cav/Voronkov14},
  bibsource = {dblp computer science bibliography, http://dblp.org}
}

@inproceedings{DBLP:conf/gcai/RegerB0V16,
  author    = {Giles Reger and
               Nikolaj Bj{\o}rner and
               Martin Suda and
               Andrei Voronkov},
  title     = {{AVATAR} Modulo Theories},
  booktitle = {{GCAI} 2016. 2nd Global Conference on Artificial Intelligence},
  pages     = {39--52},
  year      = {2016},
  url       = {http://www.easychair.org/publications/paper/299800},
  timestamp = {Tue, 25 Jul 2017 11:35:36 +0200},
  biburl    = {http://dblp.uni-trier.de/rec/bib/conf/gcai/RegerB0V16},
  bibsource = {dblp computer science bibliography, http://dblp.org}
}

@inproceedings{DBLP:conf/lpar/RegerS17,
  author    = {Giles Reger and
               Martin Suda},
  title     = {Set of Support for Theory Reasoning},
  booktitle = {IWIL@LPAR 2017 Workshop and {LPAR-21} Short Presentations},
  year      = {2017},
  url       = {http://www.easychair.org/publications/paper/346431},
  timestamp = {Tue, 27 Jun 2017 18:13:16 +0200},
  biburl    = {http://dblp.org/rec/bib/conf/lpar/RegerS17},
  bibsource = {dblp computer science bibliography, http://dblp.org}
}

@inproceedings{HillenbrandWeidenbach13,
  author    = {Thomas Hillenbrand and
               Christoph Weidenbach},
  title     = {{Superposition for Bounded Domains}},
  booktitle = {Automated Reasoning and Mathematics - Essays in Memory of William
               W. McCune},
  pages     = {68--100},
  year      = {2013},
}

@inproceedings{VampireAndFOOL,
  author    = {Evgenii Kotelnikov and
               Laura Kov{\'{a}}cs and
               Giles Reger and
               Andrei Voronkov},
  title     = {{The {Vampire} and the {FOOL}}},
  booktitle = {Proceedings of the 5th {ACM} {SIGPLAN} Conference on Certified Programs, 2016},
  pages     = {37--48},
  year      = {2016},
  url       = {http://doi.acm.org/10.1145/2854065.2854071},
  doi       = {10.1145/2854065.2854071},
  timestamp = {Mon, 18 Jan 2016 19:37:27 +0100},
  biburl    = {http://dblp.uni-trier.de/rec/bib/conf/cpp/KotelnikovKRV16},
  bibsource = {dblp computer science bibliography, http://dblp.org}
}

@InProceedings{KKV18,
    Author       = "Kotelnikov, E. and Kovacs, L. and Voronkov, A.",
    Year         = "2018",
    Title        = "{A FOOLish Encoding of the Next State Relations of
                    Imperative Programs}",
    Editor       = "Galmiche, D. and Schulz, S. and Sebastiani, R.",
    BookTitle    = "{Proceedings of the 9th International Joint Conference on
                    Automated Reasoning}",
    Place        = "Oxford, United Kingdom",
    Pages        = "Submitted",
    Comment      = ""
}

@inproceedings{E13,
  author    = {Stephan Schulz},
  title     = {{System Description: E 1.8}},
  booktitle = {Proceedings of LPAR},
  year      = {2013},
  pages     = {735-743},
  series    = {LNCS}, 
  volume    = {8312}
}

@inproceedings{Z3, 
  author    = {Leonardo Mendon{\c{c}}a de Moura and
               Nikolaj Bj{\o}rner},
  title     = {{Z3:} An Efficient {SMT} Solver},
  booktitle = {Proceedings of TACAS},
  pages     = {337--340},
  year      = {2008},
  series    = {LNCS}, volume={4963}
 }

@inproceedings{CVC4,
   author              = {Clark Barrett and 
                          Christopher L. Conway and 
                          Morgan Deters and 
                          Liana Hadarean and 
                          Dejan Jovanovic and 
                          Tim King and 
                          Andrew Reynolds and 
                          Cesare Tinelli},
   title               = {{CVC4}},
   booktitle           = {Proceedings of CAV},
   year                = {2011},
   pages               = {171-177}
}

@article{DBLP:journals/cm/FosterGRSFKMRRSWH13,
  author    = {Nate Foster and
               Arjun Guha and
               Mark Reitblatt and
               Alec Story and
               Michael J. Freedman and
               Naga Praveen Katta and
               Christopher Monsanto and
               Joshua Reich and
               Jennifer Rexford and
               Cole Schlesinger and
               David Walker and
               Rob Harrison},
  title     = {Languages for software-defined networks},
  journal   = {{IEEE} Communications Magazine},
  volume    = {51},
  number    = {2},
  pages     = {128--134},
  year      = {2013},
  url       = {https://doi.org/10.1109/MCOM.2013.6461197},
  doi       = {10.1109/MCOM.2013.6461197},
  timestamp = {Fri, 26 May 2017 22:50:57 +0200},
  biburl    = {https://dblp.org/rec/bib/journals/cm/FosterGRSFKMRRSWH13},
  bibsource = {dblp computer science bibliography, https://dblp.org}
}

@inproceedings{DBLP:conf/pldi/BallBGIKSSV14,
  author    = {Thomas Ball and
               Nikolaj Bj{\o}rner and
               Aaron Gember and
               Shachar Itzhaky and
               Aleksandr Karbyshev and
               Mooly Sagiv and
               Michael Schapira and
               Asaf Valadarsky},
  title     = {{VeriCon}: towards verifying controller programs in software-defined
               networks},
  booktitle = {{ACM} {SIGPLAN} Conference on Programming Language Design and Implementation,
               {PLDI}'14, Edinburgh, UK --- June 9--11, 2014},
  pages     = {282--293},
  year      = {2014},
  url       = {http://doi.acm.org/10.1145/2594291.2594317},
  doi       = {10.1145/2594291.2594317},
  timestamp = {Tue, 20 Dec 2016 10:12:01 +0100},
  biburl    = {http://dblp.org/rec/bib/conf/pldi/BallBGIKSSV14},
  bibsource = {dblp computer science bibliography, http://dblp.org}
}

@inproceedings{DBLP:conf/cav/El-HassanyTVV17,
  author    = {Ahmed El{-}Hassany and
               Petar Tsankov and
               Laurent Vanbever and
               Martin T. Vechev},
  title     = {Network-Wide Configuration Synthesis},
  booktitle = {Computer Aided Verification - 29th International Conference, {CAV}
               2017, Heidelberg, Germany, July 24-28, 2017, Proceedings, Part {II}},
  pages     = {261--281},
  year      = {2017},
  url       = {https://doi.org/10.1007/978-3-319-63390-9_14},
  doi       = {10.1007/978-3-319-63390-9_14},
  timestamp = {Fri, 14 Jul 2017 13:10:55 +0200},
  biburl    = {http://dblp.org/rec/bib/conf/cav/El-HassanyTVV17},
  bibsource = {dblp computer science bibliography, http://dblp.org}
}

@article{jayaraman2014automated,
  title={Automated analysis and debugging of network connectivity policies},
  author={Jayaraman, Karthick and Bj{\o}rner, Nikolaj and Outhred, Geoff and Kaufman, Charlie},
  journal={Microsoft Research},
  pages={1--11},
  year={2014}
}

@misc{AmazonVPC,
  title = {{Amazon Virtual Private Cloud}},
  howpublished = {\url{https://aws.amazon.com/vpc/}},
  note = {Accessed: March 2018}
}

@misc{WhatIsAmazonVPC,
  title = {{What Is Amazon VPC?}},
  howpublished = {\url{https://docs.aws.amazon.com/AmazonVPC/latest/UserGuide/VPC_Introduction.html}},
  note = {Accessed: March 2018}
}

@article{SDN,
  author    = {Diego Kreutz and
               Fernando M. V. Ramos and
               Paulo Jorge Esteves Ver{\'{\i}}ssimo and
               Christian Esteve Rothenberg and
               Siamak Azodolmolky and
               Steve Uhlig},
  title     = {Software-Defined Networking: {A} Comprehensive Survey},
  journal   = {Proceedings of the {IEEE}},
  volume    = {103},
  number    = {1},
  pages     = {14--76},
  year      = {2015},
  url       = {https://doi.org/10.1109/JPROC.2014.2371999},
  doi       = {10.1109/JPROC.2014.2371999},
  timestamp = {Thu, 08 Jun 2017 09:04:06 +0200},
  biburl    = {https://dblp.org/rec/bib/journals/pieee/KreutzRVRAU15},
  bibsource = {dblp computer science bibliography, https://dblp.org}
}

@inproceedings{Veriflow,
  author    = {Ahmed Khurshid and
               Xuan Zou and
               Wenxuan Zhou and
               Matthew Caesar and
               Philip Brighten Godfrey},
  title     = {VeriFlow: Verifying Network-Wide Invariants in Real Time},
  booktitle = {Proceedings of the 10th {USENIX} Symposium on Networked Systems Design
               and Implementation, {NSDI} 2013, Lombard, IL, USA, April 2-5, 2013},
  pages     = {15--27},
  year      = {2013},
  url       = {https://www.usenix.org/conference/nsdi13/technical-sessions/presentation/khurshid},
  timestamp = {Wed, 29 Mar 2017 16:45:22 +0200},
  biburl    = {http://dblp.org/rec/bib/conf/nsdi/KhurshidZZCG13},
  bibsource = {dblp computer science bibliography, http://dblp.org}
}

@inproceedings{ConfigChecker,
  author    = {Ehab Al{-}Shaer and
               Wilfredo Marrero and
               Adel El{-}Atawy and
               Khalid Elbadawi},
  title     = {Network Configuration in {A} Box: Towards End-to-End Verification
               of Network Reachability and Security},
  booktitle = {Proceedings of the 17th annual {IEEE} International Conference on
               Network Protocols, 2009. {ICNP} 2009, Princeton, NJ, USA, 13-16 October
               2009},
  pages     = {123--132},
  year      = {2009},
  url       = {https://doi.org/10.1109/ICNP.2009.5339690},
  doi       = {10.1109/ICNP.2009.5339690},
  timestamp = {Sun, 04 Jun 2017 10:06:16 +0200},
  biburl    = {http://dblp.org/rec/bib/conf/icnp/Al-ShaerMEE09},
  bibsource = {dblp computer science bibliography, http://dblp.org}
}

@inproceedings{Anteater,
  author    = {Haohui Mai and
               Ahmed Khurshid and
               Rachit Agarwal and
               Matthew Caesar and
               Brighten Godfrey and
               Samuel Talmadge King},
  title     = {Debugging the data plane with anteater},
  booktitle = {Proceedings of the {ACM} {SIGCOMM} 2011 Conference on Applications,
               Technologies, Architectures, and Protocols for Computer Communications,
               Toronto, ON, Canada, August 15-19, 2011},
  pages     = {290--301},
  year      = {2011},
  url       = {http://doi.acm.org/10.1145/2018436.2018470},
  doi       = {10.1145/2018436.2018470},
  timestamp = {Tue, 26 Jan 2016 10:12:59 +0100},
  biburl    = {http://dblp.org/rec/bib/conf/sigcomm/MaiKACGK11},
  bibsource = {dblp computer science bibliography, http://dblp.org}
}

@article{TPTP,
  author    = {Geoff Sutcliffe},
  title     = {The {TPTP} Problem Library and Associated Infrastructure},
  journal   = {J. Autom. Reasoning},
  volume    = {43},
  number    = {4},
  pages     = {337--362},
  year      = {2009},
  url       = {https://doi.org/10.1007/s10817-009-9143-8},
  doi       = {10.1007/s10817-009-9143-8},
  timestamp = {Sat, 20 May 2017 00:22:32 +0200},
  biburl    = {https://dblp.org/rec/bib/journals/jar/Sutcliffe09},
  bibsource = {dblp computer science bibliography, https://dblp.org}
}

@inproceedings{souffle,
  author    = {Herbert Jordan and
               Bernhard Scholz and
               Pavle Subotic},
  title     = {Souffl{\'{e}}: On Synthesis of Program Analyzers},
  booktitle = {Computer Aided Verification - 28th International Conference, {CAV}
               2016, Toronto, ON, Canada, July 17-23, 2016, Proceedings, Part {II}},
  pages     = {422--430},
  year      = {2016},
  url       = {https://doi.org/10.1007/978-3-319-41540-6_23},
  doi       = {10.1007/978-3-319-41540-6_23},
  timestamp = {Thu, 25 May 2017 00:39:07 +0200},
  biburl    = {https://dblp.org/rec/bib/conf/cav/JordanSS16},
  bibsource = {dblp computer science bibliography, https://dblp.org}
}

@article{DBLP:journals/jacm/DetlefsNS05,
  author    = {David Detlefs and
               Greg Nelson and
               James B. Saxe},
  title     = {Simplify: a theorem prover for program checking},
  journal   = {J. {ACM}},
  volume    = {52},
  number    = {3},
  pages     = {365--473},
  year      = {2005},
  url       = {http://doi.acm.org/10.1145/1066100.1066102},
  doi       = {10.1145/1066100.1066102},
  timestamp = {Thu, 09 Feb 2006 13:34:10 +0100},
  biburl    = {https://dblp.org/rec/bib/journals/jacm/DetlefsNS05},
  bibsource = {dblp computer science bibliography, https://dblp.org}
}

@inproceedings{DBLP:conf/cade/MouraB07,
  author    = {Leonardo Mendon{\c{c}}a de Moura and
               Nikolaj Bj{\o}rner},
  title     = {Efficient E-Matching for {SMT} Solvers},
  booktitle = {Automated Deduction - CADE-21, 21st International Conference on Automated
               Deduction, Bremen, Germany, July 17-20, 2007, Proceedings},
  pages     = {183--198},
  year      = {2007},
  url       = {https://doi.org/10.1007/978-3-540-73595-3_13},
  doi       = {10.1007/978-3-540-73595-3_13},
  timestamp = {Fri, 02 Jun 2017 13:01:06 +0200},
  biburl    = {https://dblp.org/rec/bib/conf/cade/MouraB07},
  bibsource = {dblp computer science bibliography, https://dblp.org}
}

@techreport{mccune1994davis,
  title={{A Davis-Putnam program and its application to finite first-order model search: Quasigroup existence problems}},
  author={McCune, William},
  year={1994},
  institution={Argonne National Laboratory}
}

@article{davis1960computing,
  title={A computing procedure for quantification theory},
  author={Davis, Martin and Putnam, Hilary},
  journal={Journal of the ACM (JACM)},
  volume={7},
  number={3},
  pages={201--215},
  year={1960},
  publisher={ACM}
}

@article{Datalog,
  author    = {Todd J. Green and
               Shan Shan Huang and
               Boon Thau Loo and
               Wenchao Zhou},
  title     = {Datalog and Recursive Query Processing},
  journal   = {Foundations and Trends in Databases},
  volume    = {5},
  number    = {2},
  pages     = {105--195},
  year      = {2013},
  url       = {https://doi.org/10.1561/1900000017},
  doi       = {10.1561/1900000017},
  timestamp = {Fri, 26 May 2017 22:55:02 +0200},
  biburl    = {https://dblp.org/rec/bib/journals/ftdb/GreenHLZ13},
  bibsource = {dblp computer science bibliography, https://dblp.org}
}

@incollection{Ganzinger01,
  author    = {Leo Bachmair and
               Harald Ganzinger},
  title     = {{Resolution Theorem Proving}},
  booktitle = {Handbook of Automated Reasoning},
  year      = {2001},
  pages     = {19-99},
  publisher = {Elsevier and MIT Press},
}

@Incollection{NieuwenhuisRubio:HandbookAR:paramodulation:2001,
  title = {{Paramodulation-Based Theorem Proving}},
  author = {Robert Nieuwenhuis and Albert Rubio},
  chapter = 7,
  booktitle = {Handbook of Automated Reasoning},
  publisher = {Elsevier Science},
  editor = {A. Robinson and A. Voronkov},
  year = 2001,
  volume = {I},
  pages = {371-443}}

@inproceedings{DBLP:conf/adbt/Clark77,
  author    = {Keith L. Clark},
  title     = {Negation as Failure},
  booktitle = {Logic and Data Bases, Symposium on Logic and Data Bases, Centre d'{\'{e}}tudes
               et de recherches de Toulouse, 1977.},
  pages     = {293--322},
  year      = {1977},
  timestamp = {Fri, 13 Jan 2017 09:53:53 +0100},
  biburl    = {https://dblp.org/rec/bib/conf/adbt/Clark77},
  bibsource = {dblp computer science bibliography, https://dblp.org}
}

@inproceedings{Weidenbach99,
  author    = {Christoph Weidenbach},
  title     = {Towards an Automatic Analysis of Security Protocols in First-Order
               Logic},
  booktitle = {Automated Deduction - CADE-16, 16th International Conference on Automated
               Deduction, Trento, Italy, July 7-10, 1999, Proceedings},
  pages     = {314--328},
  year      = {1999},
  url       = {https://doi.org/10.1007/3-540-48660-7_29},
  doi       = {10.1007/3-540-48660-7_29},
  timestamp = {Wed, 24 May 2017 15:40:41 +0200},
  biburl    = {https://dblp.org/rec/bib/conf/cade/Weidenbach99},
  bibsource = {dblp computer science bibliography, https://dblp.org}
}